@misc{bnc,
        author = {{British National Corpus Consortium}},
        url = {{http://www.natcorp.ox.ac.uk/}},
        title = {{British National Corpus}},
        year = {2000}
}

